% Encoding: UTF-8

@thesis{Cederin2023,
  series      = {UPTEC IT},
  title       = {Automatic object detection and tracking for eye-tracking analysis},
  url         = {https://urn.kb.se/resolve?urn=urn:nbn:se:uu:diva-504416},
  author      = {Cederin, Liv and Bremberg, Ulrika},
  date        = {2023},
  collection  = {UPTEC IT},
  institution = {Uppsala University},
  type        = {Bachelor's thesis}
}

@article{Cho2024,
  author       = {Cho, Seung-Wan and Lim, Yeong-Hyun and Seo, Kyung-Min and Kim, Jungin},
  title        = {
  Integration of eye-tracking and object detection in
  a deep learning system for quality inspection analysis
  },
  journaltitle = {Journal of Computational Design and Engineering},
  volume       = {11},
  number       = {3},
  pages        = {158--173},
  date         = {2024-05},
  issn         = {2288-5048},
  doi          = {10.1093/jcde/qwae042},
  url          = {https://doi.org/10.1093/jcde/qwae042},
  eprint       = {https://academic.oup.com/jcde/article-pdf/11/3/158/58697884/qwae042.pdf}
}

@article{Clarke2017,
  author       = {Alasdair D. F. Clarke and Aoife Mahon and Alex Irvine and Amelia R. Hunt},
  title        = {People Are Unable to Recognize or Report on Their Own Eye Movements},
  journaltitle = {Quarterly Journal of Experimental Psychology},
  volume       = {70},
  number       = {11},
  pages        = {2251--2270},
  date         = {2017},
  doi          = {10.1080/17470218.2016.1231208},
  note         = {PMID: 27595318},
  url          = { https://doi.org/10.1080/17470218.2016.1231208},
  eprint       = { https://doi.org/10.1080/17470218.2016.1231208},
}

@online{He2018,
  title         = {Mask R-CNN},
  author        = {Kaiming He and Georgia Gkioxari and Piotr Dollár and Ross Girshick},
  date          = {2018},
  eprint        = {1703.06870},
  archiveprefix = {arXiv},
  primaryclass  = {cs.CV},
  url           = {https://arxiv.org/abs/1703.06870},
  urldate       = {2025-05-02}
}

@online{iMotions2025,
  author  = {{iMotions}},
  title   = {Automated AOI},
  date    = {2025},
  url     = {https://imotions.com/products/imotions-lab/modules/automated-aoi/},
  urldate = {2025-05-22}
}

@online{Khanam2024,
  title         = {YOLOv11: An Overview of the Key Architectural Enhancements},
  author        = {Rahima Khanam and Muhammad Hussain},
  date          = {2024},
  eprint        = {2410.17725},
  archiveprefix = {arXiv},
  primaryclass  = {cs.CV},
  url           = {https://arxiv.org/abs/2410.17725},
  urldate       = {2025-05-02}
}

@online{Kirillov2023,
  title         = {Segment Anything},
  author        = {
  Alexander Kirillov and Eric Mintun and Nikhila Ravi and Hanzi Mao and Chloe Rolland
  and Laura Gustafson and Tete Xiao and Spencer Whitehead and Alexander C. Berg and
  Wan-Yen Lo and Piotr Dollár and Ross Girshick
  },
  date          = {2023},
  eprint        = {2304.02643},
  archiveprefix = {arXiv},
  primaryclass  = {cs.CV},
  url           = {https://arxiv.org/abs/2304.02643},
  urldate       = {2025-05-02}
}

@online{Kulyk2023,
  author  = {D. Kulyk},
  date    = {2023-07},
  title   = {Combining object detection and eye tracking to identify points of interest for VR art exhibition visitors},
  url     = {http://essay.utwente.nl/95999/},
  urldate = {2025-05-02}
}

@online{Liu2023,
  title         = {Grounding DINO: Marrying DINO with Grounded Pre-Training for Open-Set Object Detection},
  author        = {
  Shilong Liu and Zhaoyang Zeng and Tianhe Ren and Feng Li and Hao Zhang
  and Jie Yang and Qing Jiang and Chunyuan Li and Jianwei Yang and Hang Su and Jun Zhu and Lei Zhang
  },
  date          = {2023},
  eprint        = {2303.05499},
  archiveprefix = {arXiv},
  primaryclass  = {cs.CV},
  url           = {https://arxiv.org/abs/2303.05499},
  urldate       = {2025-05-02}
}

@online{Oquab2024,
  title         = {DINOv2: Learning Robust Visual Features without Supervision},
  author        = {
  Maxime Oquab and Timothée Darcet and Théo Moutakanni and Huy Vo and Marc Szafraniec
  and Vasil Khalidov and Pierre Fernandez and Daniel Haziza and Francisco Massa and
  Alaaeldin El-Nouby and Mahmoud Assran and Nicolas Ballas and Wojciech Galuba and
  Russell Howes and Po-Yao Huang and Shang-Wen Li and Ishan Misra and Michael Rabbat
  and Vasu Sharma and Gabriel Synnaeve and Hu Xu and Hervé Jegou and Julien Mairal and
  Patrick Labatut and Armand Joulin and Piotr Bojanowski
  },
  date          = {2024},
  eprint        = {2304.07193},
  archiveprefix = {arXiv},
  primaryclass  = {cs.CV},
  url           = {https://arxiv.org/abs/2304.07193},
  urldate       = {2025-05-02}
}

@article{Pauszek2023,
  title        = {
  An introduction to eye tracking in human factors
  healthcare research and medical device testing
  },
  journaltitle = {Human Factors in Healthcare},
  volume       = {3},
  date         = {2023},
  issn         = {2772-5014},
  doi          = {10.1016/j.hfh.2022.100031},
  url          = {https://www.sciencedirect.com/science/article/pii/S2772501422000288},
  author       = {Joseph R. Pauszek},
  keywords     = {Eye tracking, Applied, Human factors, Healthcare, Medical devices},
}

@online{Ravi2024,
  title         = {SAM 2: Segment Anything in Images and Videos},
  author        = {
  Nikhila Ravi and Valentin Gabeur and Yuan-Ting Hu and Ronghang Hu and Chaitanya Ryali
  and Tengyu Ma and Haitham Khedr and Roman Rädle and Chloe Rolland and Laura Gustafson and Eric Mintun
  and Junting Pan and Kalyan Vasudev Alwala and Nicolas Carion and Chao-Yuan
  Wu and Ross Girshick and Piotr Dollár and Christoph Feichtenhofer
  },
  date          = {2024},
  eprint        = {2408.00714},
  archiveprefix = {arXiv},
  primaryclass  = {cs.CV},
  url           = {https://arxiv.org/abs/2408.00714},
  urldate       = {2025-05-02}
}

@online{Redmon2016,
  title         = {You Only Look Once: Unified, Real-Time Object Detection},
  author        = {Joseph Redmon and Santosh Divvala and Ross Girshick and Ali Farhadi},
  date          = {2016},
  eprint        = {1506.02640},
  archiveprefix = {arXiv},
  primaryclass  = {cs.CV},
  url           = {https://arxiv.org/abs/1506.02640},
  urldate       = {2025-05-02}
}

@online{Tobii2025a,
  author  = {{Tobii AB}},
  title   = {Understanding Tobii Pro Lab Eye Tracking Metrics},
  date    = {2025},
  url     = {https://connect.tobii.com/s/article/understanding-tobii-pro-lab-eye-tracking-metrics},
  urldate = {2025-05-02},
  note    = {Uitleg over eyetracking-metrics in Tobii Pro Lab}
}

@online{Zhang2022,
  title         = {DINO: DETR with Improved DeNoising Anchor Boxes for End-to-End Object Detection},
  author        = {
  Hao Zhang and Feng Li and Shilong Liu and Lei
  Zhang and Hang Su and Jun Zhu and Lionel M. Ni and Heung-Yeung Shum
  },
  date          = {2022},
  eprint        = {2203.03605},
  archiveprefix = {arXiv},
  primaryclass  = {cs.CV},
  url           = {https://arxiv.org/abs/2203.03605},
  urldate       = {2025-05-02}
}

@online{Zhao2023,
  title         = {Fast Segment Anything},
  author        = {
  Xu Zhao and Wenchao Ding and Yongqi
  An and Yinglong Du and Tao Yu and Min Li and Ming Tang and Jinqiao Wang
  },
  date          = {2023},
  eprint        = {2306.12156},
  archiveprefix = {arXiv},
  primaryclass  = {cs.CV},
  url           = {https://arxiv.org/abs/2306.12156},
  urldate       = {2025-05-02}
}

@Comment{jabref-meta: databaseType:biblatex;}
